@misc{linux-whowrites,
author = "Kroah-Hartman, G. and Corbet, J. and McPherson, A.",
title = "Linux Kernel Development How Fast it is Going, Who is Doing It, What They are Doing, and Who is Sponsoring It: An August 2009 Update",
year = 2009,
publisher = "The Linux Foundation",
url = "http://www.linuxfoundation.org/sites/main/files/publications/whowriteslinux.pdf",
note = "[Online; accessed 2016.11.12]"
}

@misc{linux-announce,
author = "Torvalds, L.",
title = "What would you like to see most in minix?",
year = 1991,
url = "https://groups.google.com/forum/#!msg/comp.os.minix/dlNtH7RRrGA/SwRavCzVE7gJ",
note = "[Online; accessed 2016.11.12]"
}

@misc{linux-usage,
author = "Keizer, G.",
title = "Windows comes up third in OS clash two years early",
year = 2016,
publisher = "Computerworld",
url = "http://www.computerworld.com/article/3050931/microsoft-windows/windows-comes-up-third-in-os-clash-two-years-early.html",
note = "[Online; accessed 2016.11.12]"
}

@misc{linus-biography,
title = "Linus Torvalds: A Very Brief and Completely Unauthorized Biography",
year = 2004,
publisher = "The Linux Information Project",
url = "http://www.linfo.org/linus.html",
note = "[Online; accessed 2016.11.12]"
}

@misc{linux-history,
title = "History of Linux",
publisher = "Wikipedia",
url = "https://en.wikipedia.org/wiki/History_of_Linux",
note = "[Online; accessed 2016.11.12]"
}

@misc{transmeta,
title = "Transmeta Corporation",
publisher = "Wikipedia",
url = "https://en.wikipedia.org/wiki/Transmeta",
note = "[Online; accessed 2016.11.12]"
}

@misc{linus-osdl,
title = "Linux lab lands Torvalds",
publisher = "CNET",
year = 2003,
url = "https://www.cnet.com/news/linux-lab-lands-torvalds/",
note = "[Online; accessed 2016.11.12]"
}

@misc{linux-participation,
author = "Corbet, J.",
title = "How to Participate in the Linux Community",
year = 2008,
publisher = "The Linux Foundation",
url = "https://www.linuxfoundation.org/sites/lfcorp/files/How-Participate-Linux-Community_0.pdf",
note = "[Online; accessed 2016.11.12]"
}

@article{linux-motivation,
title = "Motivation of software developers in Open Source projects: an Internet-based survey of contributors to the Linux kernel ",
journal = "Research Policy ",
volume = "32",
number = "7",
pages = "1159 - 1177",
year = "2003",
note = "Open Source Software Development ",
issn = "0048-7333",
doi = "http://dx.doi.org/10.1016/S0048-7333(03)00047-7",
url = "http://www.sciencedirect.com/science/article/pii/S0048733303000477",
author = "Guido Hertel and Sven Niedner and Stefanie Herrmann",
keywords = "Open Source Software",
keywords = "Linux",
keywords = "Virtual teams",
keywords = "Motivation",
keywords = "VIST model "
}

@article{linux-evolution,
title = "The Linux kernel as a case study in software evolution ",
journal = "Journal of Systems and Software ",
volume = "83",
number = "3",
pages = "485 - 501",
year = "2010",
note = "",
issn = "0164-1212",
doi = "http://dx.doi.org/10.1016/j.jss.2009.09.042",
url = "http://www.sciencedirect.com/science/article/pii/S0164121209002519",
author = "Ayelet Israeli and Dror G. Feitelson",
keywords = "Software evolution",
keywords = "Lehmanâ€™s laws",
keywords = "Linux kernel "
}