@misc{clang-motivation,
author = "Naroff, S.",
title = "New LLVM C Front-end",
year = 2007,
publisher = "The LLVM Foundation",
url = "http://llvm.org/devmtg/2007-05/09-Naroff-CFE.pdf",
note = "[Online; accessed 2016.11.22]"
}

@misc{clang-policy,
author = "The LLVM Foundation",
title = "LLVM Developer Policy",
year = 2007,
publisher = "The LLVM Foundation",
url = "http://llvm.org/docs/DeveloperPolicy.html",
note = "[Online; accessed 2016.11.22]"
}


@misc{clang-policy,
title = "University of Illinois/NCSA license",
publisher = "Open Source Initiative",
url = "https://opensource.org/licenses/NCSA",
note = "[Online; accessed 2016.11.22]"
}
