@misc{blender-homepage,
title = "blender.org - Home of the Blender project",
year = 2016,
url = "https://www.blender.org",
note = "[Online; accessed 2016.11.09]"
}

@misc{blender-license,
title = "License – blender.org",
year = 2016,
url = "https://www.blender.org/about/license/",
note = "[Online; accessed 2016.11.09]"
}

@misc{blender-manual-history,
title = "Blender’s History",
year = 2016,
url = "https://www.blender.org/manual/getting_started/about/history.html",
note = "[Online; accessed 2016.11.09]"
}

@misc{blender-style-rules,
title = "Dev:Doc/Code Style - BlenderWiki",
year = 2016,
url = "https://wiki.blender.org/index.php/Dev:Doc/Code_Style",
note = "[Online; accessed 2016.11.09]"
}

@misc{blender-new-devs,
title = "Dev:Doc/New Committer Info - BlenderWiki",
year = 2016,
url = "https://wiki.blender.org/index.php/Dev:Doc/New_Committer_Info",
note = "[Online; accessed 2016.11.09]"
}

@misc{blender-module-owners,
title = "Dev:Doc/Process/Module Owners/List - BlenderWiki",
year = 2016,
url = "https://wiki.blender.org/index.php/Dev:Doc/Process/Module_Owners/List",
note = "[Online; accessed 2016.11.09]"
}

@misc{blender-facial-reconstruction,
title = "ATOR: Forensic facial reconstruction with free software",
year = 2012,
url = "https://wiki.blender.org/index.php/Dev:Doc/New_Committer_Info",
note = "[Online; accessed 2016.11.09]"
}


@misc{blender-foundation-history,
title = "History – blender.org",
year = 2016,
url = "https://www.blender.org/foundation/history/",
note = "[Online; accessed 2016.11.24]"
}

@misc{blender-development-support,
title = "Blender Foundation - blender.org",
year = 2016,
url = "https://www.blender.org/foundation/",
note = "[Online; accessed 2016.11.24]"
}

@misc{blender-community,
title = "The Blender Community",
year = 2016,
url = "https://www.blender.org/manual/getting_started/about/community.html",
note = "[Online; accessed 2016.11.24]"
}

@misc{blender-gsoc-2016,
title = "Dev:Ref/GoogleSummerOfCode/2016/Ideas - BlenderWiki",
year = 2016,
url = "https://wiki.blender.org/index.php/Dev:Ref/GoogleSummerOfCode/2016/Ideas",
note = "[Online; accessed 2016.11.24]"
}

@misc{blender-guru-ui,
title = "New Blender UI Proposal | Blender Guru",
year = 2016,
url = "https://www.blenderguru.com/articles/new-blender-ui-proposal/",
note = "[Online; accessed 2016.11.24]"
}

@misc{blender-ton-ui,
title = "(Re)defining Blender | Blender Code",
year = 2016,
url = "https://code.blender.org/2013/10/redefining-blender/",
note = "[Online; accessed 2016.11.24]"
}

@misc{blender-estore,
title = "Blender Store | Making Blender Foundation/Institute projects possible",
year = 2016,
url = "https://store.blender.org",
note = "[Online; accessed 2016.11.24]"
}

@misc{blender-conference,
title = "Blender Conference 2016 - blender.org",
year = 2016,
url = "https://www.blender.org/widget/blender-conference/",
note = "[Online; accessed 2016.11.24]"
}
@misc{blender-network,
title = "Blender Network - Connecting Blender Professionals",
year = 2016,
url = "http://www.blendernetwork.org",
note = "[Online; accessed 2016.11.24]"
}

@misc{blender-cloud,
title = "Welcome — Blender Cloud",
year = 2016,
url = "https://cloud.blender.org",
note = "[Online; accessed 2016.11.24]"
}

@misc{blender-donate,
title = "Blender Foundation - blender.org",
year = 2016,
url = "https://www.blender.org/foundation/",
note = "[Online; accessed 2016.11.24]"
}

@misc{blender-repository,
title = "Blender Foundation - blender.org",
year = 2016,
url = "http://git.blender.org/blender.git",
note = "[Online; accessed 2016.11.24]"
}

@misc{blender-code-stat,
title = "The Blender 3D Open Source Project on Open Hub: Languages Page",
year = 2016,
url = "https://www.openhub.net/p/blender/analyses/latest/languages_summary",
note = "[Online; accessed 2016.11.24]"
}

@misc{blender-forum,
title = "Blender Artists Community",
year = 2016,
url = "https://blenderartists.org/forum/",
note = "[Online; accessed 2016.12.03]"
}

@misc{blender-official-history,
title = "Blender Artists Community",
year = 2016,
url = "https://blenderartists.org/forum/",
note = "[Online; accessed 2016.12.03]"
}

@misc{blender-module-owner,
title = "Dev:Doc/Process/Module Owners - BlenderWiki",
year = 2016,
url = "https://wiki.blender.org/index.php/Dev:Doc/Process/Module_Owners#Module_Owners_2",
note = "[Online; accessed 2016.12.03]"
}

