@misc{pbrt-pull-requests,
title = "PBRT User's Guide",
year = 2016,
url = "http://pbrt.org/users-guide.html#Pull_Requests_419",
note = "[Online; accessed 2016.11.27]"
}

@misc{luxrender-home,
title = "LuxRender",
year = 2016,
url = "http://www.luxrender.net",
note = "[Online; accessed 2016.11.27]"
}
