@article{Museth.2013,
 author = {Museth, Ken},
 title = {VDB: High-resolution Sparse Volumes with Dynamic Topology},
 journal = {ACM Trans. Graph.},
 issue_date = {June 2013},
 volume = {32},
 number = {3},
 month = jul,
 year = {2013},
 pages = {27:1--27:22},
 articleno = {27},
 numpages = {22},
 url = {http://doi.acm.org/10.1145/2487228.2487235},
 doi = {10.1145/2487228.2487235},
 publisher = {ACM},
 address = {New York, NY, USA},
} 


@misc{openvdb-about,
title = "OpenVDB - About",
publisher = "Dreamworks Animation",
url = "http://www.openvdb.org/about/",
note = "[Online; accessed 2016.11.27]"
}

@misc{mpl-faq,
title = "MPL 2.0 FAQ",
publisher = "Mozilla Foundation",
url = "https://www.mozilla.org/en-US/MPL/2.0/FAQ/",
note = "[Online; accessed 2016.11.27]"
}

@misc{openvdb-contribs,
title = "OpenVDB Contributors",
publisher = "Github",
url = "https://github.com/dreamworksanimation/openvdb/graphs/contributors",
note = "[Online; accessed 2016.11.27]"
}

@misc{openvdb-agree,
title = "Dreaworks Animation SKG Inc. Open Source Software Grant and Contributor License Agreement",
publisher = "Dreamworks Animation",
url = "http://www.openvdb.org/download/OpenVDBContributorLicenseAgreement.pdf",
note = "[Online; accessed 2016.11.27]"
}

@misc{openvdb-code,
title = "OpenVDB Coding Style",
publisher = "Dreamworks Animation",
url = "http://www.openvdb.org/documentation/doxygen/codingStyle.html",
note = "[Online; accessed 2016.11.27]"
}



