@inproceedings{clasp,
author = "Schafmeister, Christian E.",
title = "Clasp - A Common Lisp that Interoperates with C++ and Uses the LLVM Backend",
booktitle = "Proceedings of the 8th European Lisp Symposium",
series = "ELS2015",
year = "2015",
location = "London, UK",
url = "http://www.european-lisp-symposium.org/editions/2015/ELS2015.pdf",
publisher = "European Lisp Scientific Activities Association",
keywords = "C++, Common Lisp, Interoperation, LLVM"
}

@inproceedings{clasp-cando,
author = "Schafmeister, Christian E.",
title = "CANDO: A Compiled Programming Language for Computer-Aided Nanomaterial Design and Optimization Based on Clasp Common Lisp",
booktitle = "Proceedings of the 9th European Lisp Symposium",
series = "ELS2016",
year = "2016",
isbn = "978-2-9557474-0-7",
location = "Kraków, Poland",
pages = "9:75--9:82",
articleno = "9",
numpages = "8",
url = "http://www.european-lisp-symposium.org/editions/2016/ELS2016.pdf",
acmid = "3005738",
publisher = "European Lisp Scientific Activities Association",
keywords = "C++, Common Lisp, Computational Chemistry, Interoperation, LLVM"
}

@misc{clasp-timeline,
author = "Schafmeister, Christian E.",
title = "When would you say that Clasp started?",
url = "http://irclog.tymoon.eu/freenode/\%23clasp?from=2016-11-24T16:23:00&to=2016-11-24T16:30:00",
note = "[Online; accessed 2016-11-24]"
}

@misc{clasp-talk,
author = "Schafmeister, Christian E.",
title = "Clasp: Common Lisp using LLVM and C++ for Molecular Metaprogramming",
url = "https://www.youtube.com/watch?v=8X69_42Mj-g",
note = "[Online; accessed 2016-11-24]"
}

@misc{clasp-github,
author = "Schafmeister, Christian E.",
title = "Clasp Common Lisp environment",
url = "https://github.com/drmeister/clasp/",
note = "[Online; accessed 2016-11-24]"
}

@misc{clasp-cffi,
author = "Groenninger, Frank",
title = "Clasp Dev-CFFI",
url = "https://github.com/dg1sbg/clasp/tree/dev-cffi",
note = "[Online; accessed 2016-11-24]"
}

@misc{clasp-cleavir,
author = "Strandh, Robert",
title = "SICL - Cleavir Compiler",
utl = "https://github.com/robert-strandh/SICL/tree/master/Code/Cleavir",
note = "[Online; accessed 2016-11-24]"
}

@misc{clasp-mps,
author = "Ravenbrook",
title = "Memory Pool System",
url = "https://www.ravenbrook.com/project/mps/",
note = "[Online; accessed 2016-11-24]"
}

@misc{clasp-grants,
author = "Schafmeister, Christian E.",
title = "Clasp Acknowledgements",
url = "https://github.com/drmeister/clasp#acknowledgments",
note = "[Online; accessed 2016-11-24]"
}

@misc{clasp-ecl,
author = "Kochmański, Daniel and Ripoll, Juan Jose Garcia and Yuasa, Taiichi and Hagiya, Masami",
title = "Embeddable Common Lisp",
url = "https://gitlab.com/embeddable-common-lisp/ecl/",
note = "[Online; accessed 2016-11-24]"
}