@inproceedings{zach.2008,
author = {Zach, Christopher},
booktitle = {Proceedings of 3DPVT'08 - the Fourth International Symposium on 3D Data Processing, Visualization and Transmission},
title = {Fast and High Quality Fusion of Depth Maps},
year = {2008},
}
